<?xml version="1.0" encoding="UTF-8"?><record xmlns="http://www.loc.gov/MARC21/slim" xmlns:cinclude="http://apache.org/cocoon/include/1.0" xmlns:zs="http://www.loc.gov/zing/srw/">
  <leader>00888nz  a2200157n  4500</leader>
  <controlfield tag="001">no2003120294</controlfield>
  <controlfield tag="003">DLC</controlfield>
  <controlfield tag="005">20031129071019.0</controlfield>
  <controlfield tag="008">031128n| acannaabn          |a ana     c</controlfield>
  <datafield tag="010" ind1=" " ind2=" ">
    <subfield code="a">no2003120294</subfield>
  </datafield>
  <datafield tag="035" ind1=" " ind2=" ">
    <subfield code="a">(OCoLC)oca06216057</subfield>
  </datafield>
  <datafield tag="040" ind1=" " ind2=" ">
    <subfield code="a">DGPO</subfield>
    <subfield code="b">eng</subfield>
    <subfield code="c">DGPO</subfield>
  </datafield>
  <datafield tag="110" ind1="1" ind2=" ">
    <subfield code="a">United States.</subfield>
    <subfield code="t">Department of Homeland Security Appropriations Act, 2004</subfield>
  </datafield>
  <datafield tag="410" ind1="1" ind2=" ">
    <subfield code="a">United States.</subfield>
    <subfield code="t">Act Making Appropriations for the Department of Homeland Security for the Fiscal Year Ending September 30, 2004, and for Other Purposes</subfield>
  </datafield>
  <datafield tag="410" ind1="1" ind2=" ">
    <subfield code="a">United States.</subfield>
    <subfield code="t">Public Law 108-90</subfield>
  </datafield>
  <datafield tag="670" ind1=" " ind2=" ">
    <subfield code="a">Its An Act Making Appropriations for the Department of Homeland Security ... 2003:</subfield>
    <subfield code="b">t.p. (An Act Making Appropriations for the Department of Homeland Security for the Fiscal Year Ending September 30, 2004, and for Other Purposes) citation title, 117 Stat. 1157 (Department of Homeland Security Appropriations Act, 2004)</subfield>
  </datafield>
</record>